<?xml version="1.0" encoding="UTF-8"?><collection xmlns="http://www.loc.gov/MARC21/slim"><record><leader>00584nam--2200169-i-4500</leader><controlfield tag="001">000006315</controlfield><controlfield tag="002">20161230</controlfield><controlfield tag="005">20161230201026</controlfield><controlfield tag="008">060222s1000------------r-----000-0-eng-d</controlfield><datafield ind1=" " ind2=" " tag="040"><subfield code="a">IFIN-HH</subfield></datafield><datafield ind1=" " ind2=" " tag="080"><subfield code="a">061.3(048):53.1.073.7</subfield></datafield><datafield ind1="1" ind2=" " tag="110"><subfield code="a">Institute Of Atomic Physics</subfield></datafield><datafield ind1="1" ind2="0" tag="245"><subfield code="a">Nuclear photography</subfield><subfield code="b">Eigth international conference rezumatele cumunicatiilor ; paper abstracts ; resume des travaux ; annotatia dokladov bucharest 1972</subfield></datafield><datafield ind1=" " ind2=" " tag="260"><subfield code="a">Bucharest</subfield><subfield code="b">Institute Of Atomic Physics</subfield><subfield code="c">1972</subfield></datafield><datafield ind1=" " ind2=" " tag="300"><subfield code="a">90P</subfield></datafield><datafield ind1=" " ind2=" " tag="852"><subfield code="a">36877</subfield><subfield code="c">539.1.07:539.1.08</subfield></datafield><datafield ind1=" " ind2=" " tag="CAT"><subfield code="a">Sys</subfield><subfield code="c">20111025</subfield><subfield code="h">132126</subfield></datafield></record></collection>